@article{[1],
  author  = {Liu C.C. and Ma S.},
  journal = {Open Access Library Journal},
  title   = {Design of Library Management System.},
  year    = {2018}
},
@article{[2],
  author  = {Kai Zhou and Youhong Yuan},
  journal = {3rd International Conference on Mechatronics and Intelligent Robotics (ICMIR)},
  title   = {A Smart Ammunition Library Management System Based on Raspberry Pie},
  year    = {2019}
},
@article{[3],
  author  = {N. Barbutia and S. Ferillib and D. Redavidc and T. Caldarolad},
  journal = {IRCDL},
  title   = {An Integrated Management System for Multimedia Digital Library},
  year    = {2014}
},
@article{[4],
  author  = {Stephen Sikatema Masiye and Lameck Nsama and Silvia Nanyangwe},
  journal = {The International Journal of Multi-Disciplinary Research},
  title   = {Design and Development of an Electronic Library Management System for Mufulira Skills Training Institute},
  year    = {2019}
},